[gd_scene load_steps=8 format=2]

[ext_resource path="res://Assets/Images/Enemies/Enemy_Soldier-Side.png" type="Texture" id=1]
[ext_resource path="res://src/Enemies/Grunt.gd" type="Script" id=2]
[ext_resource path="res://Assets/Audio/SFX/GRUNT_SFX.wav" type="AudioStream" id=3]

[sub_resource type="SpriteFrames" id=1]
animations = [ {
"frames": [ ExtResource( 1 ) ],
"loop": true,
"name": "default",
"speed": 5.0
} ]

[sub_resource type="CapsuleShape2D" id=2]
radius = 15.33
height = 17.7886

[sub_resource type="Animation" id=3]
resource_name = "Death"
tracks/0/type = "value"
tracks/0/path = NodePath("AnimatedSprite:position")
tracks/0/interp = 1
tracks/0/loop_wrap = true
tracks/0/imported = false
tracks/0/enabled = true
tracks/0/keys = {
"times": PoolRealArray( 0, 0.2, 0.4 ),
"transitions": PoolRealArray( 1, 0.517632, 2.46229 ),
"update": 0,
"values": [ Vector2( 0, 0 ), Vector2( 0, -30 ), Vector2( 0, 0 ) ]
}
tracks/1/type = "value"
tracks/1/path = NodePath("AnimatedSprite:modulate")
tracks/1/interp = 1
tracks/1/loop_wrap = true
tracks/1/imported = false
tracks/1/enabled = true
tracks/1/keys = {
"times": PoolRealArray( 0, 0.2, 0.4, 0.6 ),
"transitions": PoolRealArray( 1, 1, 1, 1 ),
"update": 0,
"values": [ Color( 1, 1, 1, 1 ), Color( 1, 0, 0, 0.243137 ), Color( 1, 0, 0, 1 ), Color( 1, 1, 1, 1 ) ]
}
tracks/2/type = "method"
tracks/2/path = NodePath(".")
tracks/2/interp = 1
tracks/2/loop_wrap = true
tracks/2/imported = false
tracks/2/enabled = true
tracks/2/keys = {
"times": PoolRealArray( 0.6 ),
"transitions": PoolRealArray( 1 ),
"values": [ {
"args": [  ],
"method": "queue_free"
} ]
}
tracks/3/type = "audio"
tracks/3/path = NodePath("AudioStreamPlayer")
tracks/3/interp = 1
tracks/3/loop_wrap = true
tracks/3/imported = false
tracks/3/enabled = true
tracks/3/keys = {
"clips": [ {
"end_offset": 0.0,
"start_offset": 0.0,
"stream": ExtResource( 3 )
} ],
"times": PoolRealArray( 0 )
}

[sub_resource type="Animation" id=4]
tracks/0/type = "value"
tracks/0/path = NodePath("AudioStreamPlayer:playing")
tracks/0/interp = 1
tracks/0/loop_wrap = true
tracks/0/imported = false
tracks/0/enabled = true
tracks/0/keys = {
"times": PoolRealArray( 0 ),
"transitions": PoolRealArray( 1 ),
"update": 1,
"values": [ false ]
}
tracks/1/type = "value"
tracks/1/path = NodePath("AnimatedSprite:position")
tracks/1/interp = 1
tracks/1/loop_wrap = true
tracks/1/imported = false
tracks/1/enabled = true
tracks/1/keys = {
"times": PoolRealArray( 0, 0.2, 0.4 ),
"transitions": PoolRealArray( 1, 0.517632, 2.46229 ),
"update": 0,
"values": [ Vector2( 0, 0 ), Vector2( 0, -30 ), Vector2( 0, 0 ) ]
}
tracks/2/type = "value"
tracks/2/path = NodePath("AnimatedSprite:modulate")
tracks/2/interp = 1
tracks/2/loop_wrap = true
tracks/2/imported = false
tracks/2/enabled = true
tracks/2/keys = {
"times": PoolRealArray( 0, 0.2, 0.4, 0.6 ),
"transitions": PoolRealArray( 1, 1, 1, 1 ),
"update": 0,
"values": [ Color( 1, 1, 1, 1 ), Color( 1, 0, 0, 0.243137 ), Color( 1, 0, 0, 1 ), Color( 1, 1, 1, 1 ) ]
}

[node name="Grunt" type="PathFollow2D" groups=[
"Enemies",
]]
scale = Vector2( 0.75, 0.75 )
loop = false
script = ExtResource( 2 )

[node name="AnimatedSprite" type="AnimatedSprite" parent="." groups=[
"Enemies",
]]
frames = SubResource( 1 )
flip_h = true

[node name="Area2D" type="Area2D" parent="." groups=[
"Enemies",
]]
monitoring = false
collision_mask = 2

[node name="CollisionShape2D" type="CollisionShape2D" parent="Area2D" groups=[
"Enemies",
]]
position = Vector2( -0.890884, 0.890907 )
shape = SubResource( 2 )

[node name="AudioStreamPlayer" type="AudioStreamPlayer" parent="."]
stream = ExtResource( 3 )

[node name="AnimationPlayer" type="AnimationPlayer" parent="."]
anims/Death = SubResource( 3 )
anims/Hit = SubResource( 4 )

[connection signal="area_entered" from="Area2D" to="." method="_on_Area2D_area_entered"]
